
%B
@article{ bezanson2017Julia,
    author = {Bezanson, J. and Edelman, A. and Karpinski, S. and Shah, V.},
    title = {Julia: A Fresh Approach to Numerical Computing},
    journal = {{SIAM Review}},
    volume = {59},
    number = {1},
    pages = {65-98},
    year = {2017},
    doi = {10.1137/141000671},
    url = {https://doi.org/10.1137/141000671},
}

#author = {Bezanson, Jeff and Chen, Jiahao and Chung, Benjamin and Karpinski, Stefan and Shah, Viral B. and Vitek, Jan and Zoubritzky, Lionel},
@article{ bezanson2018Julia,
	author = {Bezanson, Jeff and Chen, Jiahao and other},
	title = {Julia: Dynamism and Performance Reconciled by Design},
	journal = {Proc. ACM Program. Lang.},
	issue_date = {November 2018},
	volume = {2},
	number = {OOPSLA},
	month = oct,
	year = {2018},
	issn = {2475-1421},
	pages = {120:1--120:23},
	articleno = {120},
	numpages = {23},
	url = {http://doi.acm.org/10.1145/3276490},
	doi = {10.1145/3276490},
	acmid = {3276490},
	publisher = {ACM},
	address = {New York, NY, USA},
	keywords = {dynamic languages, just-in-time compilation, 
		multiple dispatch},
}

%F
@article{ fischer2018juliaMLtoTPU,
    author    = {Keno Fischer and Elliot Saba},
    title     = {Automatic Full Compilation of Julia Programs and {ML} Models to Cloud
               TPUs},
    journal   = {CoRR},
    volume    = {abs/1810.09868},
    year      = {2018},
    url       = {http://arxiv.org/abs/1810.09868},
    archivePrefix = {arXiv},
    eprint    = {1810.09868},
    timestamp = {Wed, 31 Oct 2018 14:24:29 +0100},
    biburl    = {https://dblp.org/rec/bib/journals/corr/abs-1810-09868},
    bibsource = {dblp computer science bibliography, https://dblp.org}
}

%I
@article{ innes2018diffZygote,
    author    = {Michael Innes},
    title     = {Don't Unroll Adjoint: Differentiating {SSA}-Form Programs},
    journal   = {CoRR},
    volume    = {abs/1810.07951},
    year      = {2018},
    url       = {http://arxiv.org/abs/1810.07951},
    archivePrefix = {arXiv},
    eprint    = {1810.07951},
    timestamp = {Tue, 30 Oct 2018 20:39:56 +0100},
    biburl    = {https://dblp.org/rec/bib/journals/corr/abs-1810-07951},
    bibsource = {dblp computer science bibliography, https://dblp.org}
}

%M

%N
#author = {Zappa Nardelli, Francesco and Belyakova, Julia and Pelenitsyn, Artem and Chung, Benjamin and Bezanson, Jeff and Vitek, Jan},
@article{ nardelli2018JuliaSubtyping,
    author = {Zappa Nardelli, Francesco and Belyakova, Julia and other},
    title = {Julia Subtyping: A Rational Reconstruction},
    journal = {Proc. ACM Program. Lang.},
    issue_date = {November 2018},
    volume = {2},
    number = {OOPSLA},
    month = oct,
    year = {2018},
    issn = {2475-1421},
    pages = {113:1--113:27},
    articleno = {113},
    numpages = {27},
    url = {http://doi.acm.org/10.1145/3276483},
    doi = {10.1145/3276483},
    acmid = {3276483},
    publisher = {ACM},
    address = {New York, NY, USA},
    keywords = {Multiple Dispatch, Subtyping},
} 

%S
@article{ schaarschmidt2018rlgraph,
    author = {{Schaarschmidt}, M. and {Mika}, S. and {Fricke}, K. and {Yoneki}, E.},
    title = "{RLgraph: Flexible Computation Graphs for Deep Reinforcement Learning}",
    journal = {ArXiv e-prints},
    archivePrefix = "arXiv",
    eprint = {1810.09028},
    year = 2018,
    month = oct
}
